% Axelrod's book
@article{Axelrod1981,
    author = {Axelrod, R and Hamilton, WD},
    title = {The evolution of cooperation},
    volume = {211},
    number = {4489},
    pages = {1390--1396},
    year = {1981},
    doi = {10.1126/science.7466396},
    publisher = {American Association for the Advancement of Science},
    issn = {0036-8075},
    URL = {http://science.sciencemag.org/content/211/4489/1390},
    eprint = {http://science.sciencemag.org/content/211/4489/1390.full.pdf},
    journal = {Science}
}

% Axelrod's two tournaments
@article{Axelrod1980a,
    ISSN = {00220027, 15528766},
    URL = {http://www.jstor.org/stable/173932},
    author = {Robert Axelrod},
    journal = {The Journal of Conflict Resolution},
    number = {1},
    pages = {3-25},
    publisher = {Sage Publications, Inc.},
    title = {Effective Choice in the Prisoner's Dilemma},
    volume = {24},
    year = {1980}
}
@article{Axelrod1980b,
    ISSN = {00220027, 15528766},
    URL = {http://www.jstor.org/stable/173638},
    author = {Robert Axelrod},
    journal = {The Journal of Conflict Resolution},
    number = {3},
    pages = {379-403},
    publisher = {Sage Publications, Inc.},
    title = {More Effective Choice in the Prisoner's Dilemma},
    volume = {24},
    year = {1980}
}

% Nowak's book on evolutionary game theory
@book{Nowak,
    author = {Nowak, Martin A},
    doi = {10.1086/523139},
    isbn = {0674023382},
    issn = {0033-5770},
    pmid = {242996800028},
    publisher = {Cambridge: Harvard University Press},
    title = {{Evolutionary Dynamics: Exploring the Equations of Life.}}
}

% Nowak's framework for mem one
@article{Nowak1989,
    title={Game-dynamical aspects of the prisoner's dilemma},
    author={Nowak, Martin and Sigmund, Karl},
    journal={Applied Mathematics and Computation},
    volume={30},
    number={3},
    pages={191--213},
    year={1989},
    publisher={Elsevier}
}

% Nowa's study of reactive strategies and introduction of strategies
@article{Nowak1990,
    title={The evolution of stochastic strategies in the prisoner's dilemma},
    author={Nowak, Martin and Sigmund, Karl},
    journal={Acta Applicandae Mathematicae},
    volume={20},
    number={3},
    pages={247--265},
    year={1990},
    publisher={Springer}
}
@article{Nowak1993,
    title={Win--stay, lose--shift in language learning from peers},
    author={Matsen, Frederick A and Nowak, Martin A},
    journal={Proceedings of the National Academy of Sciences},
    volume={101},
    number={52},
    pages={18053--18057},
    year={2004},
    publisher={National Acad Sciences}
}

% The art of war
@article{Harper2015,
    author = {Lee, Christopher and Harper, Marc and Fryer, Dashiell},
    journal = {PLOS ONE},
    publisher = {Public Library of Science},
    title = {The Art of War: Beyond Memory-one Strategies in Population Games},
    year = {2015},
    month = {03},
    volume = {10},
    url = {https://doi.org/10.1371/journal.pone.0120625},
    pages = {1-16}, 
    number = {3},
    doi = {10.1371/journal.pone.0120625}
}

% Zero determinant
@article{Stewart2012,
    author = {Stewart, Alexander J. and Plotkin, Joshua B.},
    title = {Extortion and cooperation in the Prisoner’s Dilemma},
    volume = {109},
    number = {26},
    pages = {10134-10135},
    year = {2012},
    doi = {10.1073/pnas.1208087109},
    URL = {http://www.pnas.org/content/109/26/10134.short},
    eprint = {http://www.pnas.org/content/109/26/10134.full.pdf},
    journal = {Proceedings of the National Academy of Sciences}
}
@article{Press2012,
    author = {Press, William H. and Dyson, Freeman J.},
    title = {Iterated Prisoner’s Dilemma contains strategies that dominate any 
    evolutionary opponent},
    volume = {109},
    number = {26},
    pages = {10409-10413},
    year = {2012},
    doi = {10.1073/pnas.1206569109},
    URL = {http://www.pnas.org/content/109/26/10409.abstract},
    eprint = {http://www.pnas.org/content/109/26/10409.full.pdf},
    journal = {Proceedings of the National Academy of Sciences}
}

% Axelrod library
@misc{axelrodproject,
  author       = {{ {The Axelrod project developers} }},
  title        = {Axelrod: <RELEASE TITLE>},
  month        = apr,
  year         = 2016,
  doi          = {<DOI INFORMATION>},
  url          = {http://dx.doi.org/10.5281/zenodo.<DOI NUMBER>}
}
@article{Knight2016,
archivePrefix = {arXiv},
arxivId = {1604.00896},
author = {Knight, Vincent and Campbell, Owen and Harper, Marc and Langner, Karol and Campbell, James and Campbell, Thomas and Carney, Alex and Chorley, Martin and Davidson-Pilon, Cameron and Glass, Kristian and Ehrlich, Tom{\'{a}}{\v{s}} and Jones, Martin and Koutsovoulos, Georgios and Tibble, Holly and Jochen, M{\"{u}}ller and Palmer, Geraint and Slavin, Paul and Standen, Timothy and Visintini, Luis and Molden, Karl},
eprint = {1604.00896},
file = {::},
number = {1},
title = {{An open reproducible framework for the study of the iterated prisoner's dilemma}},
url = {http://arxiv.org/abs/1604.00896},
volume = {1},
year = {2016}
}